@article{guo2013,
  title={{A parallel, fully coupled, fully implicit solution to reactive transport in porous media using the preconditioned Jacobian-Free Newton-Krylov Method}},
  author={Guo, Luanjing and Huang, Hai and Gaston, Derek R and Permann, Cody J and Andrs, David and Redden, George D and Lu, Chuan and Fox, Don T and Fujita, Yoshiko},
  journal={Advances in Water Resources},
  volume={53},
  pages={101--108},
  year={2013}
}

@article{lichtner1996,
  title={Continuum formulation of multicomponent-multiphase reactive transport},
  author={Lichtner, Peter C},
  journal={Reviews in Mineralogy and Geochemistry},
  volume={34},
  pages={1--81},
  year={1996}
}
