@book{bear1972,
  author = {J. Bear},
  title = {Dynamics of fluids in porous media},
  publisher = {Elsevier},
  address = {New York},
  year = {1972}
  }

@article{broadbridge1988,
  author = {P. Broadbridge and I. White},
  title = {Constant rate rainfall infiltration: A versatile nonlinear model, 1. Analytical solution},
  journal = {Water Resources Research},
  volume = {24},
  pages = {145--154},
  year = {1988}
}

@article{brookscorey1966,
  author = {R. H. Brooks and A. T. Corey},
  title = {Properties of porous media affecting fluid flow},
  journal = {J. Irrig. Drain. Div.},
  volume = {92},
  pages = {61--88},
  year = {1966}
}

@article{brooks1982,
  author = {A. N. Brooks and T. J. R. Hughes},
  title = {{Streamline upwind/Petrov-Galerkin formulations for convection dominated flows with particular emphasis
  on the incompressible Navier-Stokes equations}},
  journal = {Computer Methods in Aplied Mechanics and Engineering},
  volume = {32},
  pages = {199--259},
  year = {1982}
}

@article{celia1990,
  author = {M.A. Celia and E. T. Bouloutas and R. L. Zabra},
  title = {A general mass-conservative numerical solution for the unsaturated flow
  equation},
  journal = {Water Resources Research},
  volume = {26},
  pages = {1483--1496},
  year = {1990}
}

@article{chen2009,
  author = {Z. Chen and Y. Zhang},
  title = {Well flow models for various numerical methods},
  journal = {International Journal of Numerical Analysis and Modelling},
  volume = {6},
  pages = {375--388},
  year = {2009}
}

@article{corey1954,
  author = {A. T. Corey},
  title = {The interrelation between gas and oil relative permeabilities},
  journal = {Prod. Month.},
  volume = {19},
  pages = {38--41},
  year = {1954}
}

@article{dalen1979,
  author = {V. Dalen},
  title = {Simplified finite-element models for reservoir flow problems},
  journal = {SPE J.},
  volume = {19},
  pages = {333--342},
  year = {1979}
}

@article{helmig1998,
  author = {R. Helmig and R. Huber},
  title = {Comparison of Galerkin-type discretization
  techniques for two-phase flow in heterogeneous porous media},
  journal = {Adv. Water Res.},
  volume = {21},
  pages = {697--711},
  year = {1998}
}

@article{hughes1986,
  author = {T. J. R. Hughes and M. Mallet and A. Mizukami},
  title = {{A new finite element formulation for computational fluid dynamics: II. Beyond SUPG}},
  journal = {Computer Methods in Aplied Mechanics and Engineering},
  volume = {54},
  pages = {341--355},
  year = {1986}
}

@article{hughes1986b,
  author = {T. J. R. Hughes and M. Mallet},
  title = {{A new finite element formulation for computational fluid dynamics: III. The generalized streamline operator for
  multidimensional advective-diffusive systems}},
  journal = {Computer Methods in Aplied Mechanics and Engineering},
  volume = {58},
  pages = {305--328},
  year = {1986}
}

@article{huyakorn1978,
  author = {P. S. Huyakorn and G. F. Pinder},
  title = {A new finite element technique for the solution of two-phase flow through porous media},
  journal = {Adv. Water Res.},
  volume = {1},
  pages = {285--298},
  year = {1978}
}

@article{mathias2010,
  author = {Simon A. Mathias and Jon G. Gluyas and Curtis M. Oldenburg and Chin-Fu Tsang},
  title = {{Analytical solution for Joule-Thomson cooling during CO$_2$ geo-sequestration in depleted oil and gas reservoirs}},
  journal = {International Journal of Greenhouse Gas Control},
  volume = {4},
  pages = {806--810},
  year = {2010}
}

@article{millington-quirk1961,
  author = {R. J. Millington and J. P. Quirk},
  title = {Permeability of Porous Solids},
  journal = {Trans. Faraday Soc.},
  volume = {57},
  pages = {1200--1207},
  year = {1961}
}

@article{oelkers1996,
  author = {E. H. Oelkers},
  title = {Physical and chemical properties of rocks and fluids for chemical mass transport calculations},
  journal = {Reviews in Mineralogy and Geochemistry},
  volume = {34},
  pages = {131--191},
  year = {1996}
}

@article{peaceman1983,
  author = {D. W. Peaceman},
  title = {Interpretation of well-block pressures in numerical reservoir simulation
  with nonsquare grid blocks and anisotropic permeability},
  journal = {SPE J.},
  volume = {23},
  pages = {531--543},
  year = {1983}
}

@techreport{pruess1999,
  author = {K. Pruess and C. Oldenburg and G. Moridis},
  title = {{TOUGH2 User's Guide, Version 2.0}},
  institution = {Lawrence Berkeley National Laboratory},
  address = {Berkeley CA, USA},
  number = {LBNL-43134},
  year = {1999},
}

@article{rachford-rice1952,
  author = {H. H. Rachford and J. D. Rice},
  title = {Procedure for use of electrical digital computers in calculating
  flash vaporisation hydrocarbon equilibrium},
  journal = {Journal of Petroleum Technology},
  volume = {4},
  pages = {327-328},
  year = {1952}
}

@article{rsc1983,
  author = {C. Rogers and M. P. Stallybrass and D. L. Clements},
  title = {{On two phase filtration under gravity and with boundary infiltration: application of a
  Backlund transformation}},
  journal = {Nonlinear Analysis, Theory, Methods and Applications},
  volume = {7},
  pages = {785--799},
  year = {1983}
}

 @article{spycher2003,
   author = {N. Spycher and K. Pruess and J. Ennis-King},
   title = {{CO$_2$-H$_2$O mixtures in the geological sequestration of CO$_2$. I.
    Assessment and calculation of mutual solubilities from 12 to 100C and up to 600 bar}},
   journal = {Geochimica et Cosmochimica Acta},
   volume = {67},
   pages = {3015--3031},
   year = {2003}
 }

 @article{spycher2005,
   author = {N. Spycher and K. Pruess and J. Ennis-King},
   title = {{CO$_2$-H$_2$O mixtures in the geological sequestration of CO$_2$. II.
    Partitioning in chloride brine at 12-100C and up to 600 bar}},
   journal = {Geochimica et Cosmochimica Acta},
   volume = {69},
   pages = {3309--3320},
   year = {2005}
 }

@article{vangenuchten1980,
  author = {van Genuchten, M. Th.},
  title = {A closed for equation for predicting the hydraulic conductivity of unsaturated soils},
  journal = {Soil Sci. Soc.},
  volume = {44},
  pages = {892--898},
  year = {1980}
}

@article{webb2000,
  author = {S. W. Webb},
  title = {A simple extension of two-phase characteristic curves to include the dry region},
  journal = {Water Res. Research},
  volume = {36},
  pages = {1425--1430},
  year = {2000}
}


@article{warrick1990,
  author = {A. W. Warrick and D. O. Lomen and A. Islas},
  title = {{An analytical solution to Richards' Equation for a Draining Soil Profile}},
  journal = {Water Resources Research},
  volume = {26},
  pages = {253--258},
  year = {1990}
}
