@book{simo2006computational,
  title={Computational inelasticity},
  author={Simo, Juan C and Hughes, Thomas JR},
  volume={7},
  year={2006},
  publisher={Springer Science \& Business Media}
}

@book{dunne2005introduction,
  title={Introduction to computational plasticity},
  author={Dunne, Fionn and Petrinic, Nik},
  year={2005},
  publisher={Oxford University Press on Demand}
}

@article{niffenegger2012proper,
  Author = {Niffenegger, Markus and Reichlin, Klaus},
  Doi = {10.1016/j.nucengdes.2011.12.006},
  Journal = {Nuclear Engineering and Design},
  Month = feb,
  Pages = {356--359},
  Title = {The proper use of thermal expansion coefficients in finite element calculations},
  Volume = {243},
  Year = {2012}
}

@book{hughes1987finite,
  title = {The Finite Element Method, Linear Static and Dynamic Finite Element Analysis},
  publisher = {New Jersey:Prentice-Hall},
  year = {1987},
  author = {Hughes, T.~J.~R}
}

@book{bower2009applied,
  title = {Applied mechanics of solids},
  publisher = {CRC press},
  year = {2009},
  author = {Bower, A.~F.}
}

@article{rice_path_1968,
  Author = {Rice, J. R.},
  Doi = {10.1115/1.3601206},
  Journal = {Journal of Applied Mechanics},
  Number = {2},
  Pages = {379},
  Title = {A Path Independent Integral and the Approximate Analysis of Strain Concentration by Notches and Cracks},
  Volume = {35},
  Year = {1968},
}

@article{li_comparison_1985,
  Author = {Li, F. Z. and Shih, C. F. and Needleman, A.},
  Doi = {10.1016/0013-7944(85)90029-3},
  Journal = {Engineering Fracture Mechanics},
  Number = {2},
  Pages = {405--421},
  Title = {A comparison of methods for calculating energy release rates},
  Volume = {21},
  Year = {1985},
}

@techreport{warp3d_17.3.1,
  Author = {Brian Healy and Arne Gullerud and Kyle Koppenhoefer and Arun Roy and Sushovan RoyChowdhury and Matt Walters and Barron Bichon and Kristine Cochran and Adam Carlyle and James Sobotka and Mark Messner and Robert Dodds},
  Institution = {University of Illinois at Urbana-Champaign},
  Number = {UILU-ENG-95-2012},
  Title = {WARP3D-Release 17.3.1},
  Year = {2012},
}

@article{walters_interaction_2005,
        Author = {Walters, Matthew C. and Paulino, Glaucio H. and Dodds, Robert H.},
        Journal = {Engineering Fracture Mechanics},
        Month = jul,
        Number = {11},
        Pages = {1635--1663},
        Title = {Interaction integral procedures for 3-{D} curved cracks including surface tractions},
        Volume = {72},
        Year = {2005}}

@article{larsson_influence_1973,
        Author = {Larsson, S.G. and Carlsson, A.J.},
        Journal = {Journal of the Mechanics and Physics of Solids},
        Month = jul,
        Number = {4},
        Pages = {263--277},
        Title = {Influence of non-singular stress terms and specimen geometry on small-scale yielding at crack tips in elastic-plastic materials},
        Volume = {21},
        Year = {1973}}

@article{rice_limitations_1974,
        Author = {Rice, J.R.},
        Journal = {Journal of the Mechanics and Physics of Solids},
        Month = jan,
        Number = {1},
        Pages = {17--26},
        Title = {Limitations to the small scale yielding approximation for crack tip plasticity},
        Volume = {22},
        Year = {1974}}

@article{toshio_determination_1992,
        Author = {Nakamura, Toshio and Parks, David M.},
        Date-Added = {2015-02-09 19:08:08 +0000},
        Date-Modified = {2015-02-16 16:54:25 +0000},
        Doi = {10.1016/0020-7683(92)90011-H},
        Issn = {00207683},
        Journal = {International Journal of Solids and Structures},
        Language = {en},
        Month = jan,
        Number = {13},
        Pages = {1597--1611},
        Title = {Determination of elastic T-stress along three-dimensional crack fronts using an interaction integral},
        Volume = {29},
        Year = {1992}}

@incollection{eshelby_energy_1999,
    Address = {Berlin, Heidelberg},
    Author = {Eshelby, J. D.},
    Booktitle = {Fundamental {Contributions} to the {Continuum} {Theory} of {Evolving} {Phase} {Interfaces} in {Solids}},
    Editor = {Ball, John M. and Kinderlehrer, David and Podio-Guidugli, Paulo and Slemrod, Marshall},
    Language = {en},
    Doi = {10.1007/978-3-642-59938-5\_5},
    Pages = {82--119},
    Publisher = {Springer Berlin Heidelberg},
    Title = {Energy {Relations} and the {Energy}-{Momentum} {Tensor} in {Continuum} {Mechanics}},
    Year = {1999}}

