@article{macroTestKey,
  author={Jane Smith and John Doe},
  title={A test citation to see if macros work},
  year={2017},
  journal=jmt
}

@techreport{noAuthorTestKey,
  title={A test citation to see if a no-author case works},
  year={2017},
  institution={Absolutely Bogus Citation}
}
